<?xml version="1.0" encoding="UTF-8"?><collection xmlns="http://www.loc.gov/MARC21/slim"><record><leader>00389nam--2200145-i-4500</leader><controlfield tag="001">000047394</controlfield><controlfield tag="002">20161230</controlfield><controlfield tag="005">20161230201046</controlfield><controlfield tag="008">060222s1000------------r-----000-0-eng-d</controlfield><datafield ind1=" " ind2=" " tag="080"><subfield code="a">517.525.51(043)</subfield></datafield><datafield ind1=" " ind2=" " tag="100"><subfield code="a">Wihstutz,Volker</subfield></datafield><datafield ind1=" " ind2=" " tag="245"><subfield code="a">Uber stabilitat und wachatum von losungen linearer dif..</subfield></datafield><datafield ind1=" " ind2=" " tag="260"><subfield code="a">Brenen, 1976. 158 P</subfield></datafield><datafield ind1=" " ind2=" " tag="852"><subfield code="a">44151</subfield><subfield code="c">517.9</subfield></datafield><datafield ind1=" " ind2=" " tag="CAT"><subfield code="a">Sys</subfield><subfield code="c">20081022</subfield><subfield code="h">110503</subfield></datafield></record></collection>